% Encoding: UTF-8

############ new added references, format unchecked in this part ##############
@book{rudin1976principles,
  title={Principles of mathematical analysis},
  author={Rudin, Walter and others},
  volume={3},
  year={1976}
}
@book{cover1999elements,
  title={Elements of information theory},
  author={Cover, Thomas M},
  year={1999},
  publisher={John Wiley \& Sons}
}
@book{horn2012matrix,
  title={Matrix analysis},
  author={Horn, Roger A and Johnson, Charles R},
  year={2012},
  publisher={Cambridge university press}
}
@book{appel1989every,
  title={Every planar map is four colorable},
  author={Appel, Kenneth I and Haken, Wolfgang},
  volume={98},
  year={1989},
  publisher={American Mathematical Soc.}
}
@article{alon1997spectral,
  title={A spectral technique for coloring random 3-colorable graphs},
  author={Alon, Noga and Kahale, Nabil},
  journal={SIAM Journal on Computing},
  volume={26},
  number={6},
  pages={1733--1748},
  year={1997},
  publisher={SIAM}
}
@incollection{hoffman2003eigenvalues,
  title={On eigenvalues and colorings of graphs},
  author={Hoffman, Alan J},
  booktitle={Selected Papers Of Alan J Hoffman: With Commentary},
  pages={407--419},
  year={2003},
  publisher={World Scientific}
}
@article{wilf1967eigenvalues,
  title={The eigenvalues of a graph and its chromatic number},
  author={Wilf, Herbert S},
  journal={Journal of the London mathematical Society},
  volume={1},
  number={1},
  pages={330--332},
  year={1967},
  publisher={Wiley Online Library}
}
@book{janson2011random,
  title={Random graphs},
  author={Janson, Svante and Luczak, Tomasz and Rucinski, Andrzej},
  volume={45},
  year={2011},
  publisher={John Wiley \& Sons}
}
@article{friedgut1996every,
  title={Every monotone graph property has a sharp threshold},
  author={Friedgut, Ehud and Kalai, Gil},
  journal={Proceedings of the American mathematical Society},
  volume={124},
  number={10},
  pages={2993--3002},
  year={1996}
}
@article{bourgain1997influences,
  title={Influences of variables and threshold intervals under group symmetries},
  author={Bourgain, Jean and Kalai, Gil},
  journal={Geometric \& Functional Analysis GAFA},
  volume={7},
  number={3},
  pages={438--461},
  year={1997},
  publisher={Springer}
}
@article{friedgut1999sharp,
  title={Sharp thresholds of graph properties, and the k-sat problem},
  author={Friedgut, Ehud and Bourgain, Jean and others},
  journal={Journal of the American mathematical Society},
  volume={12},
  number={4},
  pages={1017--1054},
  year={1999}
}
#########################################  checked already ########################################
